<?xml version="1.0" encoding="UTF-8"?><collection xmlns="http://www.loc.gov/MARC21/slim"><record><leader>00336nam--2200121-i-4500</leader><controlfield tag="001">000014497</controlfield><controlfield tag="002">20161230</controlfield><controlfield tag="005">20161230201030</controlfield><controlfield tag="008">060222s1000------------r-----000-0-eng-d</controlfield><datafield ind1=" " ind2=" " tag="080"><subfield code="a">512.643.2</subfield></datafield><datafield ind1=" " ind2=" " tag="100"><subfield code="a">Andrei, Neculai Si Rasturnoiu, Constantin</subfield></datafield><datafield ind1=" " ind2=" " tag="245"><subfield code="a">Matrice rare si aplicatiile lor</subfield></datafield><datafield ind1=" " ind2=" " tag="260"><subfield code="a">Bucuresti, Editura Tehnica, 1983 279 P</subfield></datafield></record></collection>